@ARTICLE{article,
    KEY       = "AB",
    AUTHOR    = "A. Ut and H. Or and Co Author",
    EDITOR    = "E.D.I. Thor and E. di Thor",
    ORGANIZATION = "Organization",
    TITLE     = "Title A: An Article",
    BOOKTITLE = "Booktitle",
    TYPE      = "Type",
    CHAPTER   = "II",
    EDITION   = "Second",
    YEAR      = "1987",
    MONTH     = "Month",
  noPAGES     = "1-999",
    EID       = "4",
    JOURNAL   = "Jounal",
    INSTITUTION = "Institution",
    SCHOOL    = "School",
    HOWPUBLISHED = "Howpublished",
    PUBLISHER = "Publisher",
    ADDRESS   = "Address",
    SERIES    = "Series",
    VOLUME    = "443",
    NUMBER    = "21",
    DOI       = "10.4204/EPTCS",
    URL       = "http://arxiv.org/abs/1009.3306",
    NOTE      = "Note"}

@BOOK{bookA,
    KEY       = "AB",
    AUTHOR    = "A. Ut and H. Or and Co Author",
  noEDITOR    = "E.D.I. Thor and E. di Thor",
    ORGANIZATION = "Organization",
    TITLE     = "Title B1: A Book with authors",
    BOOKTITLE = "Booktitle",
    TYPE      = "Type",
    CHAPTER   = "II",
    EDITION   = "Second",
    YEAR      = "1987",
    MONTH     = "Month",
    PAGES     = "1-999",
    EID       = "4",
    JOURNAL   = "Jounal",
    INSTITUTION = "Institution",
    SCHOOL    = "School",
    HOWPUBLISHED = "Howpublished",
    PUBLISHER = "Publisher",
    ADDRESS   = "Address",
    SERIES    = "Series",
    VOLUME    = "443",
  noNUMBER    = "21",
    DOI       = "10.4204/EPTCS",
    EE        = "http://arxiv.org/abs/1009.3306",
    NOTE      = "Note"}

@BOOK{bookE,
    KEY       = "AB",
  noAUTHOR    = "A. Ut and H. Or and Co Author",
    EDITOR    = "E.D.I. Thor and E. di Thor",
    ORGANIZATION = "Organization",
    TITLE     = "Title B1: A Book with editors",
    BOOKTITLE = "Booktitle",
    TYPE      = "Type",
    CHAPTER   = "II",
    EDITION   = "Second",
    YEAR      = "1987",
    MONTH     = "Month",
    PAGES     = "1-999",
    EID       = "4",
    JOURNAL   = "Jounal",
    INSTITUTION = "Institution",
    SCHOOL    = "School",
    HOWPUBLISHED = "Howpublished",
    PUBLISHER = "Publisher",
    ADDRESS   = "Address",
    SERIES    = "Series",
  noVOLUME    = "443",
    NUMBER    = "21",
    DOI       = "10.4204/EPTCS",
    URL       = "http://arxiv.org/abs/1009.3306",
    NOTE      = "Note"}

@INBOOK{inbookA,
    KEY       = "AB",
    AUTHOR    = "A. Ut and H. Or and Co Author",
  noEDITOR    = "E.D.I. Thor and E. di Thor",
    ORGANIZATION = "Organization",
    TITLE     = "Title B2: An Inbook with authors",
    BOOKTITLE = "Booktitle",
    TYPE      = "Type (of chapter)",
    CHAPTER   = "II",
    EDITION   = "Second",
    YEAR      = "1987",
    MONTH     = "Month",
    PAGES     = "1-999",
    EID       = "4",
    JOURNAL   = "Jounal",
    INSTITUTION = "Institution",
    SCHOOL    = "School",
    HOWPUBLISHED = "Howpublished",
    PUBLISHER = "Publisher",
    ADDRESS   = "Address",
    SERIES    = "Series",
    VOLUME    = "443",
  noNUMBER    = "21",
    DOI       = "10.4204/EPTCS",
    URL       = "http://arxiv.org/abs/1009.3306",
    NOTE      = "Note"}

@INBOOK{inbookE,
    KEY       = "AB",
  noAUTHOR    = "A. Ut and H. Or and Co Author",
    EDITOR    = "E.D.I. Thor and E. di Thor",
    ORGANIZATION = "Organization",
    TITLE     = "Title B2: An Inbook with editors",
    BOOKTITLE = "Booktitle",
    TYPE      = "Type (of chapter)",
    CHAPTER   = "II",
    EDITION   = "Second",
    YEAR      = "1987",
    MONTH     = "Month",
    PAGES     = "1-999",
    EID       = "4",
    JOURNAL   = "Jounal",
    INSTITUTION = "Institution",
    SCHOOL    = "School",
    HOWPUBLISHED = "Howpublished",
    PUBLISHER = "Publisher",
    ADDRESS   = "Address",
    SERIES    = "Series",
    VOLUME    = "443",
  noNUMBER    = "21",
    DOI       = "10.4204/EPTCS",
    URL       = "http://arxiv.org/abs/1009.3306",
    NOTE      = "Note"}

@PROCEEDINGS{proceedings,
    KEY       = "AB",
    AUTHOR    = "A. Ut and H. Or and Co Author",
    EDITOR    = "E.D.I. Thor and E. di Thor",
    ORGANIZATION = "Organization",
    TITLE     = "Title B3: A Proceedings",
    BOOKTITLE = "Booktitle",
    TYPE      = "Type",
    CHAPTER   = "II",
    EDITION   = "Second",
    YEAR      = "1987",
    MONTH     = "Month",
    PAGES     = "1-999",
    EID       = "4",
    JOURNAL   = "Jounal",
    INSTITUTION = "Institution",
    SCHOOL    = "School",
    HOWPUBLISHED = "Howpublished",
    PUBLISHER = "Publisher",
    ADDRESS   = "Address",
    SERIES    = "Series",
    VOLUME    = "443",
  noNUMBER    = "21",
    DOI       = "10.4204/EPTCS",
    URL       = "http://arxiv.org/abs/1009.3306",
    NOTE      = "Note"}

@INPROCEEDINGS{inproceedings,
    KEY       = "AB",
    AUTHOR    = "A. Ut and H. Or and Co Author",
    EDITOR    = "E.D.I. Thor and E. di Thor",
    ORGANIZATION = "Organization",
    TITLE     = "Title C1: An Inproceedings",
    BOOKTITLE = "Booktitle",
    TYPE      = "Type",
    CHAPTER   = "II",
    EDITION   = "Second",
    YEAR      = "1987",
    MONTH     = "Month",
    PAGES     = "1-999",
    EID       = "4",
    JOURNAL   = "Jounal",
    INSTITUTION = "Institution",
    SCHOOL    = "School",
    HOWPUBLISHED = "Howpublished",
    PUBLISHER = "Publisher",
    ADDRESS   = "Address",
    SERIES    = "Series",
    VOLUME    = "443",
  noNUMBER    = "21",
    DOI       = "10.4204/EPTCS",
    EE        = "http://arxiv.org/abs/1009.3306",
    NOTE      = "Note"}

@INCOLLECTION{incollection,
    KEY       = "AB",
    AUTHOR    = "A. Ut and H. Or and Co Author",
    EDITOR    = "E.D.I. Thor and E. di Thor",
    ORGANIZATION = "Organization",
    TITLE     = "Title C2: An Incollection",
    BOOKTITLE = "Booktitle",
    TYPE      = "Type",
    CHAPTER   = "II",
    EDITION   = "Second",
    YEAR      = "1987",
    MONTH     = "Month",
    PAGES     = "1-999",
    EID       = "4",
    JOURNAL   = "Jounal",
    INSTITUTION = "Institution",
    SCHOOL    = "School",
    HOWPUBLISHED = "Howpublished",
    PUBLISHER = "Publisher",
    ADDRESS   = "Address",
    SERIES    = "Series",
    VOLUME    = "443",
  noNUMBER    = "21",
    DOI       = "10.4204/EPTCS",
    URL       = "http://arxiv.org/abs/1009.3306",
    NOTE      = "Note"}

@TECHREPORT{report,
    KEY       = "AB",
    AUTHOR    = "A. Ut and H. Or and Co Author",
    EDITOR    = "E.D.I. Thor and E. di Thor",
    ORGANIZATION = "Organization",
    TITLE     = "Title R: A Techreport",
    BOOKTITLE = "Booktitle",
    TYPE      = "Type (of report)",
    CHAPTER   = "II",
    EDITION   = "Second",
    YEAR      = "1987",
    MONTH     = "Month",
    PAGES     = "1-999",
    EID       = "4",
    JOURNAL   = "Jounal",
    INSTITUTION = "Institution",
    SCHOOL    = "School",
    HOWPUBLISHED = "Howpublished",
    PUBLISHER = "Publisher",
    ADDRESS   = "Address",
    SERIES    = "Series",
    VOLUME    = "443",
    NUMBER    = "21",
    DOI       = "10.4204/EPTCS",
    URL       = "http://arxiv.org/abs/1009.3306",
    NOTE      = "Note"}

@TECHREPORT{techreport,
    KEY       = "AB",
    AUTHOR    = "A. Ut and H. Or and Co Author",
    EDITOR    = "E.D.I. Thor and E. di Thor",
    ORGANIZATION = "Organization",
    TITLE     = "Title R1: A Techreport",
    BOOKTITLE = "Booktitle",
  noTYPE      = "Type",
    CHAPTER   = "II",
    EDITION   = "Second",
    YEAR      = "1987",
    MONTH     = "Month",
    PAGES     = "1-999",
    EID       = "4",
    JOURNAL   = "Jounal",
    INSTITUTION = "Institution",
    SCHOOL    = "School",
    HOWPUBLISHED = "Howpublished",
    PUBLISHER = "Publisher",
    ADDRESS   = "Address",
    SERIES    = "Series",
    VOLUME    = "443",
    NUMBER    = "21",
    DOI       = "10.4204/EPTCS",
    URL       = "http://arxiv.org/abs/1009.3306",
    NOTE      = "Note"}

@MASTERSTHESIS{mastersthesis,
    KEY       = "AB",
    AUTHOR    = "A. Ut and H. Or and Co Author",
    EDITOR    = "E.D.I. Thor and E. di Thor",
    ORGANIZATION = "Organization",
    TITLE     = "Title R3: A Masterthesis",
    BOOKTITLE = "Booktitle",
  noTYPE      = "Type",
    CHAPTER   = "II",
    EDITION   = "Second",
    YEAR      = "1987",
    MONTH     = "Month",
    PAGES     = "1-999",
    EID       = "4",
    JOURNAL   = "Jounal",
    INSTITUTION = "Institution",
    SCHOOL    = "School",
    HOWPUBLISHED = "Howpublished",
    PUBLISHER = "Publisher",
    ADDRESS   = "Address",
    SERIES    = "Series",
    VOLUME    = "443",
    NUMBER    = "21",
    DOI       = "10.4204/EPTCS",
    URL       = "http://arxiv.org/abs/1009.3306",
    NOTE      = "Note"}

@PHDTHESIS{phdthesis,
    AUTHOR    = "A. Ut and H. Or and Co Author",
    EDITOR    = "E.D.I. Thor and E. di Thor",
    ORGANIZATION = "Organization",
    TITLE     = "Title R2: A PhDthesis",
    BOOKTITLE = "Booktitle",
  noTYPE      = "Type",
    CHAPTER   = "II",
    EDITION   = "Second",
    YEAR      = "1987",
    MONTH     = "Month",
    PAGES     = "1-999",
    EID       = "4",
    JOURNAL   = "Jounal",
    INSTITUTION = "Institution",
    SCHOOL    = "School",
    HOWPUBLISHED = "Howpublished",
    PUBLISHER = "Publisher",
    ADDRESS   = "Address",
    SERIES    = "Series",
    VOLUME    = "443",
    NUMBER    = "21",
    DOI       = "10.4204/EPTCS",
    URL       = "http://arxiv.org/abs/1009.3306",
    NOTE      = "Note"}

@MANUAL{manual,
    KEY       = "AB",
    AUTHOR    = "A. Ut and H. Or and Co Author",
    EDITOR    = "E.D.I. Thor and E. di Thor",
    ORGANIZATION = "Organization",
    TITLE     = "Title R4: A Manual",
    BOOKTITLE = "Booktitle",
    TYPE      = "Type",
    CHAPTER   = "II",
    EDITION   = "Second",
    YEAR      = "1987",
    MONTH     = "Month",
    PAGES     = "1-999",
    EID       = "4",
    JOURNAL   = "Jounal",
    INSTITUTION = "Institution",
    SCHOOL    = "School",
    HOWPUBLISHED = "Howpublished",
    PUBLISHER = "Publisher",
    ADDRESS   = "Address",
    SERIES    = "Series",
    VOLUME    = "443",
    NUMBER    = "21",
    DOI       = "10.4204/EPTCS",
    URL       = "http://arxiv.org/abs/1009.3306",
    NOTE      = "Note"}

@BOOKLET{booklet,
    KEY       = "AB",
    AUTHOR    = "A. Ut and H. Or and Co Author",
    EDITOR    = "E.D.I. Thor and E. di Thor",
    ORGANIZATION = "Organization",
    TITLE     = "Title U: A Booklet",
    BOOKTITLE = "Booktitle",
    TYPE      = "Type",
    CHAPTER   = "II",
    EDITION   = "Second",
    YEAR      = "1987",
    MONTH     = "Month",
    PAGES     = "1-999",
    EID       = "4",
    JOURNAL   = "Jounal",
    INSTITUTION = "Institution",
    SCHOOL    = "School",
    HOWPUBLISHED = "Howpublished",
    PUBLISHER = "Publisher",
    ADDRESS   = "Address",
    SERIES    = "Series",
    VOLUME    = "443",
    NUMBER    = "21",
    DOI       = "10.4204/EPTCS",
    URL       = "http://arxiv.org/abs/1009.3306",
    NOTE      = "Note"}

@MISC{misc,
    KEY       = "AB",
    AUTHOR    = "A. Ut and H. Or and Co Author",
    EDITOR    = "E.D.I. Thor and E. di Thor",
    ORGANIZATION = "Organization",
    TITLE     = "Title U: A Misc",
    BOOKTITLE = "Booktitle",
    TYPE      = "Type",
    CHAPTER   = "II",
    EDITION   = "Second",
    YEAR      = "1987",
    MONTH     = "Month",
    PAGES     = "1-999",
    EID       = "4",
    JOURNAL   = "Jounal",
    INSTITUTION = "Institution",
    SCHOOL    = "School",
    HOWPUBLISHED = "Howpublished",
    PUBLISHER = "Publisher",
    ADDRESS   = "Address",
    SERIES    = "Series",
    VOLUME    = "443",
    NUMBER    = "21",
    DOI       = "10.4204/EPTCS",
    EE        = "http://arxiv.org/abs/1009.3306",
    NOTE      = "Note"}

@UNPUBLISHED{unpublished,
    KEY       = "AB",
    AUTHOR    = "A. Ut and H. Or and Co Author",
    EDITOR    = "E.D.I. Thor and E. di Thor",
    ORGANIZATION = "Organization",
    TITLE     = "Title U: An Unpublished",
    BOOKTITLE = "Booktitle",
    TYPE      = "Type",
    CHAPTER   = "II",
    EDITION   = "Second",
    YEAR      = "1987",
    MONTH     = "Month",
    PAGES     = "1-999",
    EID       = "4",
    JOURNAL   = "Jounal",
    INSTITUTION = "Institution",
    SCHOOL    = "School",
    HOWPUBLISHED = "Howpublished",
    PUBLISHER = "Publisher",
    ADDRESS   = "Address",
    SERIES    = "Series",
    VOLUME    = "443",
    NUMBER    = "21",
    DOI       = "10.4204/EPTCS",
    URL       = "http://arxiv.org/abs/1009.3306",
    NOTE      = "Note"}

@MISC{bibliographystylewebpage,
    AUTHOR    = "R.J. van Glabbeek",
    ORGANIZATION = "EPTCS",
    TITLE     = "The EPTCS bibliography style",
    YEAR      = "2010",
    EE        = "http://biblio.eptcs.org",
    }

============== ABOVE IS A DUMMY EXAMPLE ===============

@InProceedings{Miquel01,
 title =	"The Implicit Calculus of Constructions",
 author =	"Alexandre Miquel",
 year = 	"2001",
 bibdate =	"2011-06-28",
 bibsource =	"DBLP,
 http://dblp.uni-trier.de/db/conf/tlca/tlca2001.html#Miquel01",
 booktitle =	"TLCA",
 pages =	"344--359",
}
 URL =  	"http://dx.doi.org/10.1007/3-540-45413-6_27",

@UNPUBLISHED{Seldin08,
    AUTHOR    = "Jonathan P. Seldin",
    TITLE     = "On the relation between the {C}hurch-style typing and the
{C}urry-style typing",
    URL = "http://people.uleth.ca/\textasciitilde jonathan.seldin/RCS2.pdf",
    NOTE = "Submitted to Journal of Applied Logic",
}

@UNPUBLISHED{cpdt,
    AUTHOR    = "Adam Chlipala",
    TITLE     = "Certified Programming with Dependent Types",
    URL = "http://adam.chlipala.net/cpdt/",
    NOTE = "To be published real soon",
}

@PhdThesis{Nederpelt73,
 author =	"R. P. Nederpelt",
 title =	"Strong Normalization in a Typed Lambda Calculus with Lambda Structured Types",
 school =	"Eindhoven University of Technology",
 year = 	"1973",
 keywords =	"Automath",
}


@PhdThesis{Lin2010,
 author =	"C. K. Lin",
 title =	"Practical Type Inference for the GADT Type System",
 school =	"Portland State University",
 year = 	"2010",
 keywords =	"GADT",
}




@InProceedings{Geuvers92,
 author =	"Herman Geuvers",
 title =	"The {Church-Rosser} Property for {$\beta\eta$}-Reduction in Typed $\lambda$-Calculi",
 booktitle =	"Seventh Annual {IEEE} Symposium on Logic in Computer Science",
 month =	jun,
 year = 	"1992",
 pages =	"453--460",
 keywords =	"LF",
}
 editor =	"A. Scedrov",
 address =	"Santa Cruz, California",

@InProceedings{YorgeyWCJVM12,
 title =	"Giving {Haskell} a promotion",
 author =	"Brent A. Yorgey and Stephanie Weirich and Julien
 Cretin and Simon L. Peyton Jones and Dimitrios
 Vytiniotis and Jos{\'e} Pedro Magalh{\~a}es",
 bibdate =	"2012-05-18",
 bibsource =	"DBLP,
 http://dblp.uni-trier.de/db/conf/tldi/tldi2012.html#YorgeyWCJVM12",
 booktitle =	"TLDI",
 booktitle =	"Proceedings of {TLDI} 2012: The Seventh {ACM}
 {SIGPLAN} Workshop on Types in Languages Design and
 Implementation, Philadelphia, {PA}, {USA}, Saturday,
 January 28, 2012",
 publisher =	"ACM",
 year = 	"2012",
 pages =	"53--66",
}
 editor =	"Benjamin C. Pierce",
 URL =  	"http://dl.acm.org/citation.cfm?id=2103786",
 OptISBN = 	"978-1-4503-1120-5",

@inproceedings{Swamy11,
 author = {Swamy, Nikhil and Chen, Juan and Fournet, C{\'e}dric and Strub, Pierre-Yves and Bhargavan, Karthikeyan and Yang, Jean},
 title = {Secure distributed programming with value-dependent types},
 booktitle = {ICFP '11},
 booktitle = {Proceedings of the 16th ACM SIGPLAN international conference on Functional programming},
 year = {2011},
 location = {Tokyo, Japan},
 pages = {266--278},
 numpages = {13},
 acmid = {2034811},
 publisher = {ACM},
 keywords = {refinement types, security types},
}
 series = {ICFP '11},
 OPTisbn = {978-1-4503-0865-6},
 address = {New York, NY, USA},
 url = {http://doi.acm.org/10.1145/2034773.2034811},
 doi = {10.1145/2034773.2034811},

@InProceedings{AbeMatUus03,
 title = "Generalized Iteration and Coiteration for Higher-Order Nested Datatypes",
 author = "Andreas Abel and Ralph Matthes and Tarmo Uustalu",
 bibdate = "2003-03-04",
 bibsource = "DBLP, http://dblp.uni-trier.de/db/conf/fossacs/fossacs2003.html#AbelMU03",
 booktitle = "FoSSaCS",
 booktitle = "Foundations of Software Science and Computational Structures, 6th International Conference, {FOSSACS} 2003 Held as Part of the Joint European Conference on Theory and Practice of Software, {ETAPS} 2003, Warsaw, Poland, April 7-11, 2003, Proceedings",
 publisher = "Springer",
 year = "2003",
 volume = "2620",
 pages = "54--69",
 series = "LNCS",
 series = "Lecture Notes in Computer Science",
}
 editor = "Andrew D. Gordon",
 OptISBN = "3-540-00897-7",
 URL = "http://link.springer.de/link/service/series/0558/bibs/2620/26200054.htm",

@article{AbeMatUus05,
 title = "Iteration and coiteration schemes for higher-order and nested datatypes",
 journal = "Theoretical Computer Science",
 volume = "333",
 number = "1-2",
 pages = "3 - 66",
 year = "2005",
 OPTissn = "0304-3975",
 author = "Andreas Abel and Ralph Matthes and Tarmo Uustalu",
 keywords = "Higher-order datatypes",
 keywords = "Generalized folds",
 keywords = "Efficient folds",
 keywords = "Iteration",
 keywords = "Coiteration",
 keywords = "Higher-order polymorphism",
 keywords = "Strong normalization",
}

@Article{GHR93,
 title =	"Type Inference: Some Results, Some Problems",
 author =	"Paola Giannini and Furio Honsell and Simona Ronchi Della Rocca",
 journal =	"Fundam. Inform.",
 year = 	"1993",
 number =	"1/2",
 volume =	"19",
 bibdate =	"2003-11-27",
 bibsource =	"DBLP,
 http://dblp.uni-trier.de/db/journals/fuin/fuin19.html#GianniniHR93",
 pages =	"87--125",
}

@InProceedings{LingerS08,
 title =	"Erasure and Polymorphism in Pure Type Systems",
 author =	"Nathan Mishra-Linger and Tim Sheard",
 bibdate =	"2008-04-21",
 bibsource =	"DBLP,
 http://dblp.uni-trier.de/db/conf/fossacs/fossacs2008.html#Mishra-LingerS08",
 booktitle =	"FoSSaCS",
 booktitle =	"Foundations of Software Science and Computational
 Structures, 11th International Conference, {FOSSACS}
 2008, Held as Part of the Joint European Conferences on
 Theory and Practice of Software, {ETAPS} 2008,
 Budapest, Hungary, March 29 - April 6, 2008.
 Proceedings",
 publisher =	"Springer",
 year = 	"2008",
 volume =	"4962",
 editor =	"Roberto M. Amadio",
 pages =	"350--364",
 series =	"Lecture Notes in Computer Science",
}
 URL =  	"http://dx.doi.org/10.1007/978-3-540-78499-9_25",
 OptISBN = 	"978-3-540-78497-5",


@InProceedings{Miquel00,
 title =	"A Model for Impredicative Type Systems, Universes,
		Intersection Types and Subtyping",
 author =	"Alexandre Miquel",
 publisher =	"IEEE Computer Society",
 year = 	"2000",
 bibdate =	"2012-01-20",
 bibsource =	"DBLP,
		http://dblp.uni-trier.de/db/conf/lics/lics2000.html#Miquel00",
 booktitle =	"LICS",
 pages =	"18--29",
}
 URL =  	"http://doi.ieeecomputersociety.org/10.1109/LICS.2000.855752",
 crossref =	"conf/lics/2000",
 OptISBN = 	"0-7695-0725-5",

@inproceedings{AhnShe11,
 author = {Ahn, Ki Yung and Sheard, Tim},
 title = {A hierarchy of {M}endler-style recursion combinators: {T}aming inductive datatypes with negative occurrences},
 booktitle = {ICFP '11},
 booktitle = {Proceedings of the 16th ACM SIGPLAN international conference on Functional programming},
 year = {2011},
 location = {Tokyo, Japan},
 pages = {234--246},
 numpages = {13},
 acmid = {2034807},
 publisher = {ACM},
keywords = {catamorphism, higher-order abstract syntax, histomorphism, parametric polymorphism, parametricity, recursion combinators, recursion schemes, termination, totality},
}
 series = {ICFP '11},
 OPTisbn = {978-1-4503-0865-6},
 address = {New York, NY, USA},
 url = {http://doi.acm.org/10.1145/2034773.2034807},
 doi = {10.1145/2034773.2034807},


@PHDTHESIS{guillemetteThesis,
  title =	"A Type-Preserving Compiler from {S}ystem~{F} to Typed
		 Assembly Language",
  author =	"Louis-Julien Guillemette",
  year = 	"2010",
  month =	oct,
 
  bibsource =	"OAI-PMH server at amican.webapps1.lac-bac.gc.ca",
  contributor =  "Stefan Monnier and Marc Feeley",
  date = 	"NO_RESTRICTION",
  language =	"en",
  oai =  	"oai:collectionscanada.gc.ca:QMU.1866/3454",
  subject =	"Compilation certifi{\'e}e; Certified compilation;
		 Langage assembleur typ{\'e}; Typed assembly language;
		 Polymorphisme; Polymorphism; V{\'e}rification formelle;
		 Program verification; Liaisons; Bindings; Applied
		 Sciences - Computer Science / Sciences appliqu{\'e}s et
		 technologie - Informatique (UMI : 0984)",
}
  URL =  	"http://hdl.handle.net/1866/3454",



@Article{tal-toplas,
  author =	"Greg Morrisett and David Walker and Karl Crary and
		 Neal Glew",
  title =	"From {System~F} to Typed Assembly Language",
  journal =	"ACM Transactions on Programming Languages and
		 Systems",
  volume =	"21",
  number =	"3",
  pages =	"527--568",
  month =	may,
  year = 	"1999",
}


@article{Leroy-Compcert-CACM,
  author = {Xavier Leroy},
  title = {Formal verification of a realistic compiler},
  journal = {Communications of the ACM},
  year = 2009,
  volume = 52,
  number = 7,
  pages = {107--115},
  xtopic = {compcert},
  urllocal = {http://gallium.inria.fr/~xleroy/publi/compcert-CACM.pdf},
  urlpublisher = {http://doi.acm.org/10.1145/1538788.1538814},
  urlauthorizer = {http://dl.acm.org/authorize?187014},
  abstract = {This paper reports on the development and formal verification (proof
of semantic preservation) of CompCert, a compiler from Clight (a
large subset of the C programming language) to PowerPC assembly code,
using the Coq proof assistant both for programming the compiler and
for proving its correctness.  Such a verified compiler is useful in
the context of critical software and its formal verification: the
verification of the compiler guarantees that the safety properties
proved on the source code hold for the executable compiled code as
well.}
}
 
@article{BoehmBerarducci,
  author = {Corrado B\"ohm and Alessandro Berarducci},
  title = {Automatic Synthesis of Typed Lambda-Programs on Term Algebras},
  journal = {Theoretical Computer Science},
  year = 1985,
  volume = 39,
  pages = {135--154},
}


@Article{Church33,
 author = "Alonzo Church",
 title = "A set of postulates for the foundation of logic (2nd paper)",
 journal = "Annals of Mathematics",
 series = "2",
 volume = "34",
 number = "4",
 pages = "839--864",
 month = oct,
 year = "1933",
 keywords = "jrnl, Alonzo, lambda calculus, FP, c1933, c193x,
 c19xx, formal logic, postulate, postulates, free
 variable, variables",
 abstract = "{"}... [set of postulates in paper 1] requires some
 modification in order to render it free from
 contradiction. ...{"}
 @[http://www.jstor.org/pss/1968702 (Jstor)]['09] (via
 JR). (Also see paper 1, same title, '32,
 @[http://www.jstor.org/stable/1968337 (Jstor)]['09].)",
}


@article{Sheard04,
 author = {Sheard, Tim and Pasalic, Emir},
 title = {Two-level types and parameterized modules},
 journal = {J. Funct. Program.},
 issue_date = {September 2004},
 volume = {14},
 number = {5},
 month = sep,
 year = {2004},
 issn = {0956-7968},
 pages = {547--587},
 numpages = {41},
 acmid = {1014379},
 publisher = {Cambridge University Press},
 address = {New York, NY, USA},
} 
 url = {http://dx.doi.org/10.1017/S095679680300488X},
 doi = {10.1017/S095679680300488X},

@PhdThesis{Girard72,
 author =	"{Girard, J.-Y.}",
 title =	"Interpr\'{e}tation Fonctionnelle et \'{E}limination
 		des Coupures de l'Arith\-m\'{e}tique d'Ordre Sup\'{e}rieur",
 type = 	"Th\`{e}se de doctorat d'\'{e}tat",
 school =	"Universit\'{e} Paris VII",
 month =	jun,
 year = 	"1972",
 checked =	"5 July 1990",
 updated =	"17 February 1993",
}

@MISC{SHE,
 author = "McBride, Conor",
 title = "The {S}trathclyde {H}askell {E}nhancement",
 URL =  "http://personal.cis.strath.ac.uk/?conor/pub/she/"
}

@Article{VytWei10,
 title =	"Parametricity, type equality, and higher-order polymorphism",
 author =	"Dimitrios Vytiniotis and Stephanie Weirich",
 journal = {J. Funct. Program.},
 journal =	"Journal of Functional Programming",
 year = 	"2010",
 number =	"2",
 volume =	"20",
 bibdate =	"2010-11-25",
 bibsource =	"DBLP,
 http://dblp.uni-trier.de/db/journals/jfp/jfp20.html#VytiniotisW10",
 pages =	"175--210",
}
 URL =  	"http://dx.doi.org/10.1017/S0956796810000079",

@inproceedings{Wadler89free,
	 author = {Wadler, Philip},
	  title = {Theorems for free!},
	   booktitle = {FPCA '89},
	   booktitle = {Proceedings of the fourth international conference on Functional programming languages and computer architecture},
	     year = {1989},
	       location = {Imperial College, London, United Kingdom},
	        pages = {347--359},
		 numpages = {13},
		    acmid = {99404},
		     publisher = {ACM},
} 
	    series = {FPCA '89},
		      address = {New York, NY, USA},
	      isbn = {0-89791-328-0},
		  url = {http://doi.acm.org/10.1145/99370.99404},
		   doi = {10.1145/99370.99404},


@inproceedings{Crary98,
	 author = {Crary, Karl and Weirich, Stephanie and Morrisett, Greg},
	  title = {Intensional polymorphism in type-erasure semantics},
	    booktitle = {ICFP '98},
	   booktitle = {Proceedings of the third ACM SIGPLAN international conference on Functional programming},
	     year = {1998},
	       location = {Baltimore, Maryland, United States},
	        pages = {301--312},
		 numpages = {12},
		    acmid = {289459},
		     publisher = {ACM},
} 
		      address = {New York, NY, USA},
	    series = {ICFP '98},
	      isbn = {1-58113-024-4},
		  url = {http://doi.acm.org/10.1145/289423.289459},
		   doi = {10.1145/289423.289459},

@inproceedings{Sulzmann07,
 author = {Sulzmann, Martin and Chakravarty, Manuel M. T. and Jones, Simon Peyton and Donnelly, Kevin},
 title = {System F with type equality coercions},
 booktitle = {TLDI '07},
 series = {TLDI '07},
 year = {2007},
 location = {Nice, Nice, France},
 pages = {53--66},
 numpages = {14},
 acmid = {1190324},
 publisher = {ACM},
 keywords = {advanced type features, typed intermediate language},
} 
 booktitle = {Proceedings of the 2007 ACM SIGPLAN international workshop on Types in languages design and implementation},
 address = {New York, NY, USA},
 isbn = {1-59593-393-X},
 url = {http://doi.acm.org/10.1145/1190315.1190324},
 doi = {10.1145/1190315.1190324},


@inproceedings{Strub12,
	 author = {Strub, Pierre-Yves and Swamy, Nikhil and Fournet, Cedric and Chen, Juan},
	  title = {Self-certification: bootstrapping certified typecheckers in {F}* with {C}oq},
	    booktitle = {POPL '12},
	   booktitle = {Proceedings of the 39th annual ACM SIGPLAN-SIGACT symposium on Principles of programming languages},
	     year = {2012},
	       location = {Philadelphia, PA, USA},
	        pages = {571--584},
		 numpages = {14},
		    acmid = {2103723},
		     publisher = {ACM},
		       keywords = {certification, dependent types, refinement types},
} 
	    series = {POPL '12},
	      isbn = {978-1-4503-1083-3},
		      address = {New York, NY, USA},
		  url = {http://doi.acm.org/10.1145/2103656.2103723},
		   doi = {10.1145/2103656.2103723},


@article{Henglein93,
	 author = {Henglein, Fritz},
	  title = {Type inference with polymorphic recursion},
	   journal = {ACM Trans. Program. Lang. Syst.},
	    issue_date = {April 1993},
	     volume = {15},
	      number = {2},
	       month = apr,
	        year = {1993},
		 issn = {0164-0925},
		  pages = {253--289},
		   numpages = {37},
		     doi = {10.1145/169701.169692},
		      acmid = {169692},
		       publisher = {ACM},
		        address = {New York, NY, USA},
			 keywords = {polymorphism, recursion, semiunification, type inference},
} 
		    url = {http://doi.acm.org/10.1145/169701.169692},

@inproceedings{BirMee98,
	 author = {Bird, Richard S. and Meertens, Lambert G. L. T.},
	  title = {Nested Datatypes},
	   booktitle = {Proceedings of the Mathematics of Program Construction},
	    series = {MPC '98},
	     year = {1998},
	      isbn = {3-540-64591-8},
	       pages = {52--67},
	        numpages = {16},
		  acmid = {747162},
		   publisher = {Springer-Verlag},
		    address = {London, UK, UK},
} 
		 url = {http://dl.acm.org/citation.cfm?id=648084.747162},

@TECHREPORT{CheHin03,
	    author = {James Cheney and Ralf Hinze},
	        title = {First-class phantom types},
		    institution = {Cornell University},
		        year = {2003}
}

@inproceedings{CheHin02,
	 author = {Cheney, James and Hinze, Ralf},
	  title = {A lightweight implementation of generics and dynamics},
	   booktitle = {Proceedings of the 2002 ACM SIGPLAN workshop on Haskell},
	    series = {Haskell '02},
	     year = {2002},
	      isbn = {1-58113-605-6},
	       location = {Pittsburgh, Pennsylvania},
	        pages = {90--104},
		 numpages = {15},
		   doi = {10.1145/581690.581698},
		    acmid = {581698},
		     publisher = {ACM},
		      address = {New York, NY, USA},
		       keywords = {dynamic typing, generic programming, type representations},
} 
		  url = {http://doi.acm.org/10.1145/581690.581698},


@inproceedings{Xi03,
	 author = {Xi, Hongwei and Chen, Chiyan and Chen, Gang},
	  title = {Guarded recursive datatype constructors},
	   booktitle = {Proceedings of the 30th ACM SIGPLAN-SIGACT symposium on Principles of programming languages},
	    series = {POPL '03},
	     year = {2003},
	      isbn = {1-58113-628-5},
	       location = {New Orleans, Louisiana, USA},
	        pages = {224--235},
		 numpages = {12},
		   doi = {10.1145/604131.604150},
		    acmid = {604150},
		     publisher = {ACM},
		      address = {New York, NY, USA},
		       keywords = {guarded recursive datatype constructors},
} 
		  url = {http://doi.acm.org/10.1145/604131.604150},

@Article{Zenger97,
	  author =	"Christoph Zenger",
	    title =	"Indexed Types",
	      journal =	"Theoretical Computer Science",
	        year = 	"1997",
		  volume =	"187",
		    pages =	"147--165",
}

@inproceedings{FegShe96,
 author = {Fegaras, Leonidas and Sheard, Tim},
 title = {Revisiting catamorphisms over datatypes with embedded functions (or, programs from outer space)},
 booktitle = {Proceedings of the 23rd ACM SIGPLAN-SIGACT symposium on Principles of programming languages},
 series = {POPL '96},
 year = {1996},
 location = {St. Petersburg Beach, Florida, United States},
 pages = {284--294},
 numpages = {11},
 acmid = {237792},
 publisher = {ACM},
} 
 isbn = {0-89791-769-3},
 address = {New York, NY, USA},
 url = {http://doi.acm.org/10.1145/237721.237792},
 doi = {http://doi.acm.org/10.1145/237721.237792},

@inproceedings{unbound,
	 author = {Weirich, Stephanie and Yorgey, Brent A. and Sheard, Tim},
	  title = {Binders unbound},
	   booktitle = {Proceedings of the 16th ACM SIGPLAN international conference on Functional programming},
	    series = {ICFP '11},
	     year = {2011},
	      isbn = {978-1-4503-0865-6},
	       location = {Tokyo, Japan},
	        pages = {333--345},
		 numpages = {13},
		   doi = {10.1145/2034773.2034818},
		    acmid = {2034818},
		     publisher = {ACM},
		      address = {New York, NY, USA},
		       keywords = {generic programming, haskell, name binding, patterns},
} 
		  url = {http://doi.acm.org/10.1145/2034773.2034818},

@InProceedings{AbeMat04,
  title =       "Fixed Points of Type Constructors and Primitive
                 Recursion",
  author =      "Andreas Abel and Ralph Matthes",
  bibdate =     "2011-08-04",
  bibsource =   "DBLP,
                 http://dblp.uni-trier.de/db/conf/csl/csl2004.html#AbelM04",
  booktitle =   "CSL",
  booktitle =   "Computer Science Logic, 18th International Workshop,
                 {CSL} 2004, 13th Annual Conference of the {EACSL},
                 Karpacz, Poland, September 20-24, 2004, Proceedings",
  publisher =   "Springer",
  year =        "2004",
  volume =      "3210",
  editor =      "Jerzy Marcinkowski and Andrzej Tarlecki",
  ISBN =        "3-540-23024-6",
  pages =       "190--204",
  series =      "Lecture Notes in Computer Science",
}
 % URL =         "http://dx.doi.org/10.1007/978-3-540-30124-0_17",


@UNPUBLISHED{POPL13,
    KEY       = "Fi",
    AUTHOR    = "Ki Yung Ahn and Tim Sheard and Marcelo Fiore and Andrew M. Pitts",
    TITLE     = "System ${F}_i$: a higher-order polymorphic $\lambda$-calculus with erasable term indices",
    YEAR      = "2012",
    MONTH     = "July",
    NOTE      = "Submitted to POPL 2013",
    HOWPUBLISHED = "Submitted to POPL 2013"
    }
    

@inproceedings{ccasin:msfp12,
  author = {Chris Casinghino and Vilhelm Sj\"{o}berg and Stephanie Weirich},
  title = {Step-Indexed Normalization for a Language with General Recursion},
  booktitle = {MSFP '12},
  year = 2012,
  pdf = {papers/msfp12log.pdf}
}

@Article{BraHam10,
  title =	"Correct-by-Construction Concurrency: Using Dependent
  Types to Verify Implementations of Effectful Resource
  Usage Protocols",
  author =	"Edwin Brady and Kevin Hammond",
  journal =	"Fundam. Inform",
  year = 	"2010",
  number =	"2",
  volume =	"102",
  bibdate =	"2010-10-25",
  bibsource =	"DBLP,
  http://dblp.uni-trier.de/db/journals/fuin/fuin102.html#BradyH10",
  pages =	"145--176",
  URL =  	"http://dx.doi.org/10.3233/FI-2010-303",
}

@InProceedings{Brady11,
 title =	"{IDRIS} ---: systems programming meets full dependent
 types",
 author =	"Edwin Brady",
 bibdate =	"2011-02-14",
 bibsource =	"DBLP,
 http://dblp.uni-trier.de/db/conf/plpv/plpv2011.html#Brady11",
 booktitle =	"PLPV",
 booktitle =	"Proceedings of the 5th {ACM} Workshop Programming
 Languages meets Program Verification, {PLPV} 2011,
 Austin, {TX}, {USA}, January 29, 2011",
 publisher =	"ACM",
 year = 	"2011",
 editor =	"Ranjit Jhala and Wouter Swierstra",
 ISBN = 	"978-1-4503-0487-0",
 pages =	"43--54",
 URL =  	"http://doi.acm.org/10.1145/1929529.1929536",
}

@inproceedings{McBride12,
 author = {McBride, Conor Thomas},
 title = {Agda-curious?: an exploration of programming with dependent types},
 booktitle = {Proceedings of the 17th ACM SIGPLAN international conference on Functional programming},
 series = {ICFP '12},
 year = {2012},
 isbn = {978-1-4503-1054-3},
 location = {Copenhagen, Denmark},
 pages = {1--2},
 numpages = {2},
 url = {http://doi.acm.org/10.1145/2364527.2364529},
 doi = {10.1145/2364527.2364529},
 acmid = {2364529},
 publisher = {ACM},
 address = {New York, NY, USA},
 keywords = {dependent types},
}


@inproceedings{ManStu09,
 author = {Yitzhak Mandelbaum and Aaron Stump},
 title = {GADTs for the OCaml Masses},
 booktitle = {ML '09: Proceedings of the 2009 ACM SIGPLAN workshop on ML},
 year = 2009,
 publisher = {ACM}
}

@inproceedings{GarNor11,
 author = {Jacques Garrigue and Jacques Le Normand},
 title = {Adding GADTs to OCaml: the direct approach},
 booktitle = {ML '11: Proceedings of the 2011 ACM SIGPLAN workshop on ML},
 year = 2011,
 publisher = {ACM}
}

@inproceedings{HList-HW04,
 author = {Oleg Kiselyov and Ralf L{\"a}mmel and Keean Schupke},
 title = "{Strongly typed heterogeneous collections}",
 booktitle = "{Haskell 2004: Proceedings of the ACM SIGPLAN workshop on Haskell}",
 year = {2004},
 isbn = {1-58113-850-4},
 pages = {96--107},
 location = {Snowbird, Utah, USA},
 doi = {http://doi.acm.org/10.1145/1017472.1017488},
 publisher = {ACM Press},
}
