@ARTICLE{article,
    KEY       = "AB",
    AUTHOR    = "A. Ut and H. Or and Co Author",
    EDITOR    = "E.D.I. Thor and E. di Thor",
    ORGANIZATION = "Organization",
    TITLE     = "Title A: An Article",
    BOOKTITLE = "Booktitle",
    TYPE      = "Type",
    CHAPTER   = "II",
    EDITION   = "Second",
    YEAR      = "1987",
    MONTH     = "Month",
  noPAGES     = "1-999",
    EID       = "4",
    JOURNAL   = "Jounal",
    INSTITUTION = "Institution",
    SCHOOL    = "School",
    HOWPUBLISHED = "Howpublished",
    PUBLISHER = "Publisher",
    ADDRESS   = "Address",
    SERIES    = "Series",
    VOLUME    = "443",
    NUMBER    = "21",
    DOI       = "10.4204/EPTCS",
    URL       = "http://arxiv.org/abs/1009.3306",
    NOTE      = "Note"}

@BOOK{bookA,
    KEY       = "AB",
    AUTHOR    = "A. Ut and H. Or and Co Author",
  noEDITOR    = "E.D.I. Thor and E. di Thor",
    ORGANIZATION = "Organization",
    TITLE     = "Title B1: A Book with authors",
    BOOKTITLE = "Booktitle",
    TYPE      = "Type",
    CHAPTER   = "II",
    EDITION   = "Second",
    YEAR      = "1987",
    MONTH     = "Month",
    PAGES     = "1-999",
    EID       = "4",
    JOURNAL   = "Jounal",
    INSTITUTION = "Institution",
    SCHOOL    = "School",
    HOWPUBLISHED = "Howpublished",
    PUBLISHER = "Publisher",
    ADDRESS   = "Address",
    SERIES    = "Series",
    VOLUME    = "443",
  noNUMBER    = "21",
    DOI       = "10.4204/EPTCS",
    EE        = "http://arxiv.org/abs/1009.3306",
    NOTE      = "Note"}

@BOOK{bookE,
    KEY       = "AB",
  noAUTHOR    = "A. Ut and H. Or and Co Author",
    EDITOR    = "E.D.I. Thor and E. di Thor",
    ORGANIZATION = "Organization",
    TITLE     = "Title B1: A Book with editors",
    BOOKTITLE = "Booktitle",
    TYPE      = "Type",
    CHAPTER   = "II",
    EDITION   = "Second",
    YEAR      = "1987",
    MONTH     = "Month",
    PAGES     = "1-999",
    EID       = "4",
    JOURNAL   = "Jounal",
    INSTITUTION = "Institution",
    SCHOOL    = "School",
    HOWPUBLISHED = "Howpublished",
    PUBLISHER = "Publisher",
    ADDRESS   = "Address",
    SERIES    = "Series",
  noVOLUME    = "443",
    NUMBER    = "21",
    DOI       = "10.4204/EPTCS",
    URL       = "http://arxiv.org/abs/1009.3306",
    NOTE      = "Note"}

@INBOOK{inbookA,
    KEY       = "AB",
    AUTHOR    = "A. Ut and H. Or and Co Author",
  noEDITOR    = "E.D.I. Thor and E. di Thor",
    ORGANIZATION = "Organization",
    TITLE     = "Title B2: An Inbook with authors",
    BOOKTITLE = "Booktitle",
    TYPE      = "Type (of chapter)",
    CHAPTER   = "II",
    EDITION   = "Second",
    YEAR      = "1987",
    MONTH     = "Month",
    PAGES     = "1-999",
    EID       = "4",
    JOURNAL   = "Jounal",
    INSTITUTION = "Institution",
    SCHOOL    = "School",
    HOWPUBLISHED = "Howpublished",
    PUBLISHER = "Publisher",
    ADDRESS   = "Address",
    SERIES    = "Series",
    VOLUME    = "443",
  noNUMBER    = "21",
    DOI       = "10.4204/EPTCS",
    URL       = "http://arxiv.org/abs/1009.3306",
    NOTE      = "Note"}

@INBOOK{inbookE,
    KEY       = "AB",
  noAUTHOR    = "A. Ut and H. Or and Co Author",
    EDITOR    = "E.D.I. Thor and E. di Thor",
    ORGANIZATION = "Organization",
    TITLE     = "Title B2: An Inbook with editors",
    BOOKTITLE = "Booktitle",
    TYPE      = "Type (of chapter)",
    CHAPTER   = "II",
    EDITION   = "Second",
    YEAR      = "1987",
    MONTH     = "Month",
    PAGES     = "1-999",
    EID       = "4",
    JOURNAL   = "Jounal",
    INSTITUTION = "Institution",
    SCHOOL    = "School",
    HOWPUBLISHED = "Howpublished",
    PUBLISHER = "Publisher",
    ADDRESS   = "Address",
    SERIES    = "Series",
    VOLUME    = "443",
  noNUMBER    = "21",
    DOI       = "10.4204/EPTCS",
    URL       = "http://arxiv.org/abs/1009.3306",
    NOTE      = "Note"}

@PROCEEDINGS{proceedings,
    KEY       = "AB",
    AUTHOR    = "A. Ut and H. Or and Co Author",
    EDITOR    = "E.D.I. Thor and E. di Thor",
    ORGANIZATION = "Organization",
    TITLE     = "Title B3: A Proceedings",
    BOOKTITLE = "Booktitle",
    TYPE      = "Type",
    CHAPTER   = "II",
    EDITION   = "Second",
    YEAR      = "1987",
    MONTH     = "Month",
    PAGES     = "1-999",
    EID       = "4",
    JOURNAL   = "Jounal",
    INSTITUTION = "Institution",
    SCHOOL    = "School",
    HOWPUBLISHED = "Howpublished",
    PUBLISHER = "Publisher",
    ADDRESS   = "Address",
    SERIES    = "Series",
    VOLUME    = "443",
  noNUMBER    = "21",
    DOI       = "10.4204/EPTCS",
    URL       = "http://arxiv.org/abs/1009.3306",
    NOTE      = "Note"}

@INPROCEEDINGS{inproceedings,
    KEY       = "AB",
    AUTHOR    = "A. Ut and H. Or and Co Author",
    EDITOR    = "E.D.I. Thor and E. di Thor",
    ORGANIZATION = "Organization",
    TITLE     = "Title C1: An Inproceedings",
    BOOKTITLE = "Booktitle",
    TYPE      = "Type",
    CHAPTER   = "II",
    EDITION   = "Second",
    YEAR      = "1987",
    MONTH     = "Month",
    PAGES     = "1-999",
    EID       = "4",
    JOURNAL   = "Jounal",
    INSTITUTION = "Institution",
    SCHOOL    = "School",
    HOWPUBLISHED = "Howpublished",
    PUBLISHER = "Publisher",
    ADDRESS   = "Address",
    SERIES    = "Series",
    VOLUME    = "443",
  noNUMBER    = "21",
    DOI       = "10.4204/EPTCS",
    EE        = "http://arxiv.org/abs/1009.3306",
    NOTE      = "Note"}

@INCOLLECTION{incollection,
    KEY       = "AB",
    AUTHOR    = "A. Ut and H. Or and Co Author",
    EDITOR    = "E.D.I. Thor and E. di Thor",
    ORGANIZATION = "Organization",
    TITLE     = "Title C2: An Incollection",
    BOOKTITLE = "Booktitle",
    TYPE      = "Type",
    CHAPTER   = "II",
    EDITION   = "Second",
    YEAR      = "1987",
    MONTH     = "Month",
    PAGES     = "1-999",
    EID       = "4",
    JOURNAL   = "Jounal",
    INSTITUTION = "Institution",
    SCHOOL    = "School",
    HOWPUBLISHED = "Howpublished",
    PUBLISHER = "Publisher",
    ADDRESS   = "Address",
    SERIES    = "Series",
    VOLUME    = "443",
  noNUMBER    = "21",
    DOI       = "10.4204/EPTCS",
    URL       = "http://arxiv.org/abs/1009.3306",
    NOTE      = "Note"}

@TECHREPORT{report,
    KEY       = "AB",
    AUTHOR    = "A. Ut and H. Or and Co Author",
    EDITOR    = "E.D.I. Thor and E. di Thor",
    ORGANIZATION = "Organization",
    TITLE     = "Title R: A Techreport",
    BOOKTITLE = "Booktitle",
    TYPE      = "Type (of report)",
    CHAPTER   = "II",
    EDITION   = "Second",
    YEAR      = "1987",
    MONTH     = "Month",
    PAGES     = "1-999",
    EID       = "4",
    JOURNAL   = "Jounal",
    INSTITUTION = "Institution",
    SCHOOL    = "School",
    HOWPUBLISHED = "Howpublished",
    PUBLISHER = "Publisher",
    ADDRESS   = "Address",
    SERIES    = "Series",
    VOLUME    = "443",
    NUMBER    = "21",
    DOI       = "10.4204/EPTCS",
    URL       = "http://arxiv.org/abs/1009.3306",
    NOTE      = "Note"}

@TECHREPORT{techreport,
    KEY       = "AB",
    AUTHOR    = "A. Ut and H. Or and Co Author",
    EDITOR    = "E.D.I. Thor and E. di Thor",
    ORGANIZATION = "Organization",
    TITLE     = "Title R1: A Techreport",
    BOOKTITLE = "Booktitle",
  noTYPE      = "Type",
    CHAPTER   = "II",
    EDITION   = "Second",
    YEAR      = "1987",
    MONTH     = "Month",
    PAGES     = "1-999",
    EID       = "4",
    JOURNAL   = "Jounal",
    INSTITUTION = "Institution",
    SCHOOL    = "School",
    HOWPUBLISHED = "Howpublished",
    PUBLISHER = "Publisher",
    ADDRESS   = "Address",
    SERIES    = "Series",
    VOLUME    = "443",
    NUMBER    = "21",
    DOI       = "10.4204/EPTCS",
    URL       = "http://arxiv.org/abs/1009.3306",
    NOTE      = "Note"}

@MASTERSTHESIS{mastersthesis,
    KEY       = "AB",
    AUTHOR    = "A. Ut and H. Or and Co Author",
    EDITOR    = "E.D.I. Thor and E. di Thor",
    ORGANIZATION = "Organization",
    TITLE     = "Title R3: A Masterthesis",
    BOOKTITLE = "Booktitle",
  noTYPE      = "Type",
    CHAPTER   = "II",
    EDITION   = "Second",
    YEAR      = "1987",
    MONTH     = "Month",
    PAGES     = "1-999",
    EID       = "4",
    JOURNAL   = "Jounal",
    INSTITUTION = "Institution",
    SCHOOL    = "School",
    HOWPUBLISHED = "Howpublished",
    PUBLISHER = "Publisher",
    ADDRESS   = "Address",
    SERIES    = "Series",
    VOLUME    = "443",
    NUMBER    = "21",
    DOI       = "10.4204/EPTCS",
    URL       = "http://arxiv.org/abs/1009.3306",
    NOTE      = "Note"}

@PHDTHESIS{phdthesis,
    AUTHOR    = "A. Ut and H. Or and Co Author",
    EDITOR    = "E.D.I. Thor and E. di Thor",
    ORGANIZATION = "Organization",
    TITLE     = "Title R2: A PhDthesis",
    BOOKTITLE = "Booktitle",
  noTYPE      = "Type",
    CHAPTER   = "II",
    EDITION   = "Second",
    YEAR      = "1987",
    MONTH     = "Month",
    PAGES     = "1-999",
    EID       = "4",
    JOURNAL   = "Jounal",
    INSTITUTION = "Institution",
    SCHOOL    = "School",
    HOWPUBLISHED = "Howpublished",
    PUBLISHER = "Publisher",
    ADDRESS   = "Address",
    SERIES    = "Series",
    VOLUME    = "443",
    NUMBER    = "21",
    DOI       = "10.4204/EPTCS",
    URL       = "http://arxiv.org/abs/1009.3306",
    NOTE      = "Note"}

@MANUAL{manual,
    KEY       = "AB",
    AUTHOR    = "A. Ut and H. Or and Co Author",
    EDITOR    = "E.D.I. Thor and E. di Thor",
    ORGANIZATION = "Organization",
    TITLE     = "Title R4: A Manual",
    BOOKTITLE = "Booktitle",
    TYPE      = "Type",
    CHAPTER   = "II",
    EDITION   = "Second",
    YEAR      = "1987",
    MONTH     = "Month",
    PAGES     = "1-999",
    EID       = "4",
    JOURNAL   = "Jounal",
    INSTITUTION = "Institution",
    SCHOOL    = "School",
    HOWPUBLISHED = "Howpublished",
    PUBLISHER = "Publisher",
    ADDRESS   = "Address",
    SERIES    = "Series",
    VOLUME    = "443",
    NUMBER    = "21",
    DOI       = "10.4204/EPTCS",
    URL       = "http://arxiv.org/abs/1009.3306",
    NOTE      = "Note"}

@BOOKLET{booklet,
    KEY       = "AB",
    AUTHOR    = "A. Ut and H. Or and Co Author",
    EDITOR    = "E.D.I. Thor and E. di Thor",
    ORGANIZATION = "Organization",
    TITLE     = "Title U: A Booklet",
    BOOKTITLE = "Booktitle",
    TYPE      = "Type",
    CHAPTER   = "II",
    EDITION   = "Second",
    YEAR      = "1987",
    MONTH     = "Month",
    PAGES     = "1-999",
    EID       = "4",
    JOURNAL   = "Jounal",
    INSTITUTION = "Institution",
    SCHOOL    = "School",
    HOWPUBLISHED = "Howpublished",
    PUBLISHER = "Publisher",
    ADDRESS   = "Address",
    SERIES    = "Series",
    VOLUME    = "443",
    NUMBER    = "21",
    DOI       = "10.4204/EPTCS",
    URL       = "http://arxiv.org/abs/1009.3306",
    NOTE      = "Note"}

@MISC{misc,
    KEY       = "AB",
    AUTHOR    = "A. Ut and H. Or and Co Author",
    EDITOR    = "E.D.I. Thor and E. di Thor",
    ORGANIZATION = "Organization",
    TITLE     = "Title U: A Misc",
    BOOKTITLE = "Booktitle",
    TYPE      = "Type",
    CHAPTER   = "II",
    EDITION   = "Second",
    YEAR      = "1987",
    MONTH     = "Month",
    PAGES     = "1-999",
    EID       = "4",
    JOURNAL   = "Jounal",
    INSTITUTION = "Institution",
    SCHOOL    = "School",
    HOWPUBLISHED = "Howpublished",
    PUBLISHER = "Publisher",
    ADDRESS   = "Address",
    SERIES    = "Series",
    VOLUME    = "443",
    NUMBER    = "21",
    DOI       = "10.4204/EPTCS",
    EE        = "http://arxiv.org/abs/1009.3306",
    NOTE      = "Note"}

@UNPUBLISHED{unpublished,
    KEY       = "AB",
    AUTHOR    = "A. Ut and H. Or and Co Author",
    EDITOR    = "E.D.I. Thor and E. di Thor",
    ORGANIZATION = "Organization",
    TITLE     = "Title U: An Unpublished",
    BOOKTITLE = "Booktitle",
    TYPE      = "Type",
    CHAPTER   = "II",
    EDITION   = "Second",
    YEAR      = "1987",
    MONTH     = "Month",
    PAGES     = "1-999",
    EID       = "4",
    JOURNAL   = "Jounal",
    INSTITUTION = "Institution",
    SCHOOL    = "School",
    HOWPUBLISHED = "Howpublished",
    PUBLISHER = "Publisher",
    ADDRESS   = "Address",
    SERIES    = "Series",
    VOLUME    = "443",
    NUMBER    = "21",
    DOI       = "10.4204/EPTCS",
    URL       = "http://arxiv.org/abs/1009.3306",
    NOTE      = "Note"}

@MISC{bibliographystylewebpage,
    AUTHOR    = "R.J. van Glabbeek",
    ORGANIZATION = "EPTCS",
    TITLE     = "The EPTCS bibliography style",
    YEAR      = "2010",
    EE        = "http://biblio.eptcs.org",
    }

============== ABOVE IS A DUMMY EXAMPLE ===============

@InProceedings{Miquel01,
 title =	"The Implicit Calculus of Constructions",
 author =	"Alexandre Miquel",
 year = 	"2001",
 bibdate =	"2011-06-28",
 bibsource =	"DBLP,
 http://dblp.uni-trier.de/db/conf/tlca/tlca2001.html#Miquel01",
 booktitle =	"TLCA",
 pages =	"344--359",
}
 URL =  	"http://dx.doi.org/10.1007/3-540-45413-6_27",

@UNPUBLISHED{Seldin08,
    AUTHOR    = "Jonathan P. Seldin",
    TITLE     = "On the relation between the Church-style typing and the Curry-style typing",
    URL = "http://people.uleth.ca/~jonathan.seldin/RCS2.pdf",
    HOWPUBLISHED = "Submitted to Journal of Applied Logic",
}

@PhdThesis{Nederpelt73,
 author =	"R. P. Nederpelt",
 title =	"Strong Normalization in a Typed Lambda Calculus with Lambda Structured Types",
 school =	"Eindhoven University of Technology",
 year = 	"1973",
 keywords =	"Automath",
}

@InProceedings{Geuvers92,
 author =	"Herman Geuvers",
 title =	"The {Church-Rosser} Property for {$\beta\eta$}-Reduction in Typed $\lambda$-Calculi",
 booktitle =	"Seventh Annual {IEEE} Symposium on Logic in Computer Science",
 editor =	"A. Scedrov",
 address =	"Santa Cruz, California",
 month =	jun,
 year = 	"1992",
 pages =	"453--460",
 keywords =	"LF",
}

@InProceedings{YorgeyWCJVM12,
 title =	"Giving Haskell a promotion",
 author =	"Brent A. Yorgey and Stephanie Weirich and Julien
 Cretin and Simon L. Peyton Jones and Dimitrios
 Vytiniotis and Jos{\'e} Pedro Magalh{\~a}es",
 bibdate =	"2012-05-18",
 bibsource =	"DBLP,
 http://dblp.uni-trier.de/db/conf/tldi/tldi2012.html#YorgeyWCJVM12",
 booktitle =	"TLDI",
 booktitle =	"Proceedings of {TLDI} 2012: The Seventh {ACM}
 {SIGPLAN} Workshop on Types in Languages Design and
 Implementation, Philadelphia, {PA}, {USA}, Saturday,
 January 28, 2012",
 publisher =	"ACM",
 year = 	"2012",
 editor =	"Benjamin C. Pierce",
 ISBN = 	"978-1-4503-1120-5",
 pages =	"53--66",
 URL =  	"http://dl.acm.org/citation.cfm?id=2103786",
}

@inproceedings{Swamy11,
 author = {Swamy, Nikhil and Chen, Juan and Fournet, C{\'e}dric and Strub, Pierre-Yves and Bhargavan, Karthikeyan and Yang, Jean},
 title = {Secure distributed programming with value-dependent types},
 booktitle = {Proceedings of the 16th ACM SIGPLAN international conference on Functional programming},
 series = {ICFP '11},
 year = {2011},
 isbn = {978-1-4503-0865-6},
 location = {Tokyo, Japan},
 pages = {266--278},
 numpages = {13},
 url = {http://doi.acm.org/10.1145/2034773.2034811},
 doi = {10.1145/2034773.2034811},
 acmid = {2034811},
 publisher = {ACM},
 address = {New York, NY, USA},
 keywords = {refinement types, security types},
} 
